@online{gvmt-losses
	author   = "Wikipedia authors",
	title    = "List of UK Government Data Losses"
	url      = "http://en.wikipedia.org/wiki/List_of_UK_government_data_losses"
	keywords = "wikipedia,data-loses"
}

@online{suffolk-losses
  author   = "Paul Geater"
	title    = "Inquiry starts after memory stick lost by county"
	url      = "http://www.ipswichstar.co.uk/news/ipswich_suffolk_inquiry_starts_after_memory_stick_lost_by_county_1_3058290"
	keywords = "suffolk,data,loss,article,ipswitch-star"
}
